@book{book,
    author = {Fiodor Dostojewski},
    title = {Bracia Karamazow},
    publisher = {L. Bogus≈Çawski, Warszawa} ,
    year = {1913} 
}